@Unpublished{gruben:2012,
  author = 	 {Michael Gruben},
  title = 	 {Analyse und Vergleich von Autorensystemen für ein WBT zu Vorlesungsinhalten},
  year = 	 {2012},
  address = {Karlsruhe, Pforzheim},
  note = {Studienarbeit}
}

@book{wintermeyer:2013,
title = {Ruby on Rails 3.2 : für Ein-, Um- und Quereinsteiger},
series = {Always learning},
author = {Wintermeyer, Stefan},
address = {München [u.a.]},
publisher = {Addison-Wesley},
year = {2013}
}

@Misc{fsf:2007,
  author = 	 {{Free Software Foundation}},
  title = 	 {{GNU AFFERO GENERAL PUBLIC LICENSE}},
  howpublished = {\url{http://www.gnu.org/licenses/agpl-3.0.de.html}},
  year = 	 {2007}
}